%%\def\Thisfile{dg2-new.bib}
%%\def\Thisfiledate{2005/03/23}
@STRING{JASA = "J.\ Amer.\ Statist.\ Assoc."}
@STRING{ROS = "Res.\ Official Statist."}
@STRING{JOS = "J.\ Official Statist."}
@STRING{NAP = "National Academy Press"}
@STRING{CACM = "Comm.\ ACM"}
@STRING{JACM = "J. ACM"}
@STRING{DC = "Washington"}
@STRING{NY = "New York"}
@STRING{OMB = "US Office of Management and Budget"}
@STRING{NISSF = "National Institute of Statistical Sciences"}
@STRING{JSPI = "J. Statist.\ Planning Inf."}
@STRING{SV = "Springer--Verlag"}
@STRING{NISS = "National Institute of Statistical Sciences"}
@STRING{JCGS = "J. Computational and Graphical Statist."}

@article{dobrafienberg00,
    Author = {A. Dobra and S. E. Fienberg},
    Title = {Bounds for cell entries in contingency tables given marginal
        totals and decomposable graphs.},
    Journal = {Proc.\ Nat.\ Acad.\ Sci.},
    Volume = 97,
    NUMBER = 22,
    Pages = {11885--11892},
    Year = 2000,
    Keywords = {},
}


@misc{dunc-skm01,
    Author = {G. T. Duncan and S. A. Keller{--}McNulty},
    Title = {Mask or impute?},
    Year = 2001,
    NOTE = {Proceedings of ISBA 2000}
}


@misc{dublin01,
    AUTHOR = {{Dublin {C}ore {M}etadata {I}nitiative}},
    Note = {Information available on-line at \textsf{www.purl.org/dc/}}
}


@article{eick97a,
    Author = {Eick, S.~G. and Graves, T.~L. and Karr, A.~F. and
        Mockus, A.},
    Title = {A {W}eb laboratory for software data analysis},
    Journal = {World Wide Web},
    Volume = 1,
    Pages = {55--60},
    Year = 1997,
    Keywords = {},
}


@article{egkms99,
    Author = {Eick, S.~G. and Graves, T.~L. and Karr, A.~F. and
        Mockus, A. and Schuster, P.},
    Title = {Visualizing software changes},
    Journal = {IEEE Trans.\ Software Engrg.},
    Year = {2002},
    volume = {28(4)},
    pages = {396--412}
}


@article{ek00,
    Author = {Eick, S.~G. and Karr, A.~F.},
    Title = {Visual scalability},
    Journal = JCGS,
    Year = {2002},
    volume = {11(1)},
    pages = {22--43}
}


@Book{english99,
    Author = {English, L.~P.},
    Title = {Improving {D}ata {W}arehouse and {B}usiness {I}nformation
    {Q}uality: {M}ethods for {R}educing {C}osts and {I}ncreasing {P}rofits},
    Year = 1999,
    Publisher = {Wiley},
    Address = NY,
    annote = {Presents detailed exposition of the \TQM\ approach to
        \DQ, with extensive discussion of \IQ\ and ualitative
        discussion of costs associated with \DQ. Seems to be aimed
        mainly at managers, in order to stimulate attention to \DQ.}
}

@article{fellegi69,
    Author = {Fellegi, I.~P. and Sunter, A.~B.},
    Title = {A theory for record linkage},
    Journal = JASA,
    Volume = 64,
    Pages = {1183--1210},
    Year = 1969,
    Keywords = {},
}


@article{fms97,
    Author = {Fienberg, S.~E. and Makov, U.~E. and Sanil, A.~P.},
    Title = {A {B}ayesian approach to data disclosure: {O}ptimal intruder
        behavior for continuous data},
    Journal = JOS,
    Volume = 13,
    Pages = {75--89},
    Year = 1997,
    Keywords = {},
    annote = {Presents a fully Bayesian model for record linkage
        and discusses its
        application in a data disclosure context.}
}


@article{fienberg00,
    Author = {Fienberg, S.~E. and Makov, U. E.},
    Title = {Uniqueness and disclosure risk: urn models and simulation},
    Journal = ROS,
    Year = 2001,
    Keywords = {},
    NOTE = {To appear}
 }


@Book{gilks96,
    Author = {Gilks, W. R. and Richardson, S. and Spiegelhalter, D. J.},
    Title = {Markov {C}hain {M}onte {C}arlo in {P}ractice},
    Year = 1996,
    Publisher = {Chapman \& Hall},
    Address = {London}
}


@Book{wang99,
    Author = {Huang, K.-T. and Lee, Y.~W. and Wang, R.~Y.},
    Title = {Quality {I}nformation and {K}nowledge {M}anagement},
    Year = 1999,
    Publisher = {Prentice Hall},
    Address = {Upper Saddle River, NJ},
    annote = {Outlines a \TDQM\ approach to \DQ\ problems
        in the context of \IQ\ and corporate knowledge management.}
}


@unpublished{judson00,
    Author = {Judson, D.~H.},
    Title = {The statistical administrative records system: system
        design, successes and challenges.},
    Note = {Available on-line at
        \textsf{www.niss.org/affiliates/dqworkshop/papers.html}},
    Year = 2000,
    annote = {Describes the \CB's StARS project that investigated
        the feasibility
        of linking six large databases and highlights the challenges
        encountered.} }


@unpublished{dqreport,
    Author = {Karr, A.~F. and Sanil, A.~P. and Sacks, J. and
        Elmagarmid, E.},
    Title = {Workshop Report: {A}ffiliates Workshop on Data Quality.},
    Note = {Technical Report, National Institute of Statistical Sciences.
        Available on-line at
        \textsf{www.niss.org/affiliates/dqworkshop/report/dq-report.pdf}},
    Year = {2001},
    annote = {Summarizes presentations and findings from \NISS-sponsored
        workshop on \DQ\ held in November--December, 2000. Articulates
        research needs from perspectives of both statistics and computer
        science.}
}


@article{ieeecomp01,
    Author = {Karr, A.~F. and Lee, J. and Sanil, A. P. and Hernandez, J.
        and Karimi, S. and Litwin, K.},
    Title = {Disseminating information but protecting confidentiality},
    Journal = {IEEE Computer},
    Volume = 34,
    NUMBER = 2,
    Pages = {36--37},
    Year = {2001},
    annote = {Describes software systems that use geographic aggregation
        to in order to release otherwise unreleasable data.}
}


@incollection{elmagarmidbook-01,
    AUTHOR = {Karr, A.~F. and Lee, J. and Sanil, A. P. and Hernandez, J.
        and Karimi, S. and Litwin, K.},
    TITLE = {Web-based systems that disseminate information but protect
        confidentiality},
    BOOKTITLE = {Advances in Digital Government: Technology, Human Factors
        and Public Policy},
    EDITOR = {McIver, W.~M. and Elmagarmid, A.~K.},
    YEAR = 2002,
    PUBLISHER = {Kluwer},
    ADDRESS = {Amsterdam},
    PAGES = {181--196}
}


@inproceedings{shuttle:1999,
    Booktitle  = {Proceedings of the {C}onference on {S}tatistical
              {D}ata {P}rotection},
    Author = {Buzzigoli, L. and Giusti, A.},
    Title = {An algorithm to calculate the lower and upper
        bounds of the elements of an array given its marginals},
    Pages = {131--147},
    Publisher = {Eurostat},
    ADDRESS = {Luxembourg},
    Year = 1999
}


@article{lee01,
    Author = {Lee, J. and Holloman, C. and Karr, A.~F. and Sanil, A.~P},
    Title = {Analysis of aggregated data in survey sampling with
        application to fertilizer/pesticide usage surveys},
    Journal = ROS,
    Year = 2001,
    VOLUME = {4},
    PAGES = {101--116},
    annote = {Explores in detail implications of geographical aggregation
        (for purposes of \SDL) for inference, showing that \SDL\ does
        decrease \IQ\ as well as how to mitigate the effects.}
}


@Book{liepins91,
    EDITOR = {Liepins, G. E. and V. R. R. Uppuluri},
    Title = {Data {Q}uality {C}ontrol: {T}heory and {P}ragmatics},
    Year = 1991,
    Publisher = {Dekker},
    Address = {New York}
}


@Book{loshin01,
    Author = {Loshin, D.},
    Title = {Enterprise {K}nowledge {M}anagement},
    Year = 2001,
    Publisher = {Morgan Kaufmann},
    Address = {San Francisco},
    annote = {Presents \DQ\ as a tool for enterprise knowledge
        management. Contains discussion of \DQ\ dimensions---most
        of which are subsumed by those in \S\ref{subsec.dimensions},
        measurement of \DQ\ and costs associated with \DQ. Also
        discusses rule-based \DQ\ edits (\S\ref{subsec.edits}),
        metadata, privacy and security. Clearly the most technically
        detailed of general references.}
}


@Book{nrc97,
    Author = {{National Research Council, Computer Science and
        Telecommunications Board}},
    Title = {For the {R}ecord: {P}rotecting {E}lectronic {H}ealth
        {I}nformation},
    Year = 1997,
    Publisher = NAP,
    Address = DC
}


@MISC{dg,
    Author = {{National Institute of Statistical Sciences}},
    year = {2003},
    Title = {{Digital Government Project web site: A
        Web--Based Query System for Disclosure--Limited
        Statistical Analysis of Confidential Data}},
    Note = {Available on-line at \textsf{www.niss.org/dg}},
    annote = {Web portal to \NISS\ research on data confidentiality.}
}


@MISC{affiliates-web,
    Author = {{National Institute of Statistical Sciences}},
    Year = {2004},
    title = {{NISS} {A}ffiliates {P}rogram web site},
    Note = {Available on-line at
        \textsf{www.niss.org/affiliates/affiliates-main.html}}
}


@inproceedings{raghavan00,
    Author = {Raghavan, N. and Bell, R. and Karr, A.~F. and Schonlau,
        M. and Pregibon, D.},
    Title = {Defection detection: {U}sing online activity profiles to
        predict {ISP} customer vulnerability},
    Booktitle  = {Proc.\ Sixth Internat.\ Conf.\ on Knowledge
        Discovery and Data Mining},
    Pages = {506--515},
    Year = 2000,
    Keywords = {},
    annote = {Describes a designed experiment comparing statistics
        and computer science-based techniques for computer intrusion
        detection.}
}


@Book{redman97,
    Author = {Redman, T.~C. },
    Title = {Data {Q}uality for the {I}nformation {A}ge},
    Year = 1997,
    Publisher = {Artech House},
    Address = {Norwood, MA}
}


@Book{redman01,
    Author = {Redman, T.~C.},
    Title = {Data {Q}uality: {T}he {F}ield {G}uide},
    Year = 2001,
    Publisher = {Digital Press},
    Address = {Boston},
    annote = {Describes tips and techniques for data quality management
        using many examples and anecdotes.}
}


@article{schonlau01,
    Author = {Schonlau, M. and DuMouchel, W. and Ju, W.{--}H. and Karr,
        A.~F. and Theus, M. and Vardi, Y.},
    Title = {Computer intrusion: {D}etecting masqueraders},
    Journal = {Statist.\ Sci.},
    Year = 2001,
    VOLUME = 16,
    Pages = {58--74},
    Keywords = {}
}


@MISC{tri,
    Author = {{Environmental Protection Agency}},
    Title = {Toxic {R}elease {I}nventory {D}atabase},
    Note = {Available on-line at
        \\
        \textsf{www.epa.gov/triexplorer}},
    annote = {Web portal to EPA \TRI\ database, discussed in
        \S\ref{subsec.anomaly}.},
    year = {2002}
}


@MISC{itdb,
    AUTHOR = {{Bureau of Transportation Statistics}},
    TITLE = {Intermodal {T}ransportation {D}atabase},
    NOTE = {Available on-line at \textsf{www.itdb.bts.gov}},
    annote = {Web access point to the now-defunct \ITDB, which
        even as a prototype exhibited significant but preventable
        \DQ\ problems.},
    Year = {2002}
}


@misc{wsj01,
    AUTHOR = {Wall Street Journal},
    YEAR = 2001,
    NOTE = {DETAILS NEEDED}
}


@ARTICLE{usnews00,
    AUTHOR = {D. Hawkins},
    TITLE = {Privacy is under siege at work, at home, and online},
    YEAR = {October 10, 2000},
    JOURNAL = {US News and World Report}
}


@MISC{reuters01,
    AUTHOR = {A. Sullivan},
    TITLE = {Congress Seeks Strong Privacy Laws},
    YEAR = {February 2, 2001},
    NOTE = {Available on-line at
        \textsf{www.techtv.com/print/story/0,23102,3309614,00.html}}
}


@Book{wang00,
    Author = {Wang, R.~ Y. and Ziad, M. and Lee, Y.~W.},
    Title  = {Data {Q}uality},
    Year   = 2000,
    Publisher = {Kluwer},
    Address = {Amsterdam},
    annote = {Presents ``research and practice in data quality
        for technically oriented readers,'' from the same \TDQM\
        perspective as
        \cite{wang99},
        with a strong \IT\ and \RDBMS\
        orientation. Contains discussion of several \DQ\ dimensions,
        such as accuracy and completeness.}
}


@unpublished{winkler00,
    Author = {Winkler, W.~E.},
    Title = {Machine learning, information retrieval and record linkage},
    Note = {Available on-line at
        \textsf{www.niss.org/affiliates/dqworkshop/papers.html}},
    Year = 2000
}


@article{eric-defo93,
    Author = {Ericksen, E. P. and DeFonso, T. K.},
    Title = {Beyond the Net Undercount: {H}ow to Measure {C}ensus Error},
    Year = 1993,
    Journal = {Chance},
    Volume = 6,
    Number = 4,
    Pages = {38--43},
}


@article{brya93,
    Author = {Bryant, B. E.},
    Title = {Census-taking for a Litigious, Data-driven Society},
    Year = 1993,
    Journal = {Chance},
    Volume = 6,
    Number = 3,
    Pages = {44--49}
}


@Book{ande-fien01,
    author = {Anderson, M. and Fienberg, S. E.},
    Title = {Who Counts? {T}he Politics of Census-Taking in
        Contemporary America},
    Year = 2001,
    publisher = {Russell Sage Foundation},
    address = NY,
    OPTedition = {Revised Paperback Edition}
}

@article{ande-fien01a,
    Author = {Anderson, M. and Fienberg, S. E.},
    Title = {{US} {C}ensus Confidentiality: {P}erception and Reality},
    Year = 2001,
    Journal = {Bull.\ Internat.\ Statist.\ Inst.},
    Volume = {53rd Session},
    annote = {Discusses relationship between data confidentiality
        and \DQ\ in context of 2000 Decennial Census, arguing that
        improved \DQ\ increases the need for statistical disclosure
        limitation.}
}


@InProceedings{ande-fien01b,
    Author = {Anderson, M. and Fienberg, S. E.},
    Title = {Counting and Estimation: {M}ethodology for Improving
        the Quality of {C}ensuses.  {T}he {US} 2000 {C}ensus
        Adjustment Decision},
    Year = {2001},
    booktitle = {Proc.\ International Conference on
        Quality in Official Statistics},
    organization = {Statistics Sweden},
    annote = {Discusses relationship between data confidentiality
        and \DQ\ in context of 1990 Decennial Census, arguing that
        poor \DQ\ mitigates the need for statistical disclosure
        limitation.}
}



@Misc{ESCAP01,
    author = {{C}ensus {B}ureau {E}xecutive {S}teering {C}ommittee for
        {A}ccuracy and {C}overage {E}valuation {P}olicy},
    title =  {Report of Tabulations of Population to States
        and Localities},
    howpublished = {Federal  Register},
    year = {March 8, 2001},
    pages = {14004--14046},
    note = {Available on-line at
        \textsf{www.census.gov/dmd/www/EscapRep.html}},
    annote = {Discusses relationships between \DQ\ and
        data confidentiality.}
}


@book{goel-rama89,
    Author = {Goel, P. K. and Ramallingam, T.},
    Title = {The Matching Methodology: {S}ome Statistical Properties},
    Year = 1989,
    Publisher = {Springer--Verlag},
    ADDRESS = NY
}


@inproceedings{degr:1986,
    Author = {DeGroot, M. H.},
    Title = {Record Linkage and Matching Systems},
    Year = 1986,
    Booktitle  = {Encyclopedia of Statistical Sciences},
    Volume = 7,
    Publisher = {Wiley},
    Address = NY,
    Pages = {649--654}
}


@article{sing:mant:kina:rowe:1993,
    Author = {Singh, A. C. and Mantel, H. J. and Kinack, M. D.
        and Rowe, G.},
    Title = {Statistical Matching: {U}se of Auxiliary Information As An
        Alternative to the Conditional Independence Assumption},
    Year = 1993,
    Journal = {Survey Methodology},
    Volume = 19,
    Pages = {59--79},
    Keywords = {Imputation; Record linkage}
}


@BOOK{RL97,
    title = {Record Linkage Techniques -- 1997: Proceedings of an
        International Workshop and Exposition},
    year = 1997,
    AUTHOR = {{Federal Committee on Statistical Methodology}},
    Publisher = OMB,
    address =  DC,
}


@inproceedings{wink97,
    Author = {Winkler, W. E.},
    Title = {Matching and Record Linkage},
    Year = 1997,
    Booktitle = {Record Linkage Techniques -- 1997: Proceedings
        of an International Workshop and Exposition},
    Publisher = OMB,
    address = DC,
    Pages = {374--403}
}


@InProceedings{trot01a,
    author = {Trottini, M.},
    title = {A Decision-Theoretic Approach to Data Disclosure Problems},
    year = {2001},
    booktitle =  {2nd Joint ECE/Eurostat Work Session on Statistical
        Data Confidentiality},
    address =   {Luxembourg},
    publisher = {Eurostat}
}


@article{trot01b,
    Author = {Trottini, M.},
    Title = {A Decision-Theoretic Approach to Data Disclosure Problems},
    Journal = ROS,
    Year = {2001},
    VOLUME = {4},
    PAGES = {7-22}
}


@article{mart-dema-camp90,
    journal={Public Opinion Quarterly},
    Volume = 54,
    Pages = {551--566},
    Keywords = {Questionnaire design; Nonresponse},
    Author = {Martin, E. and Demaio, T. J. and Campanelli, P. C.},
    Title = {Context Effects for {C}ensus Measures of Race and {H}ispanic
            Origin},
    Year = {1990}
}

@PhdThesis{swee01,
    author = {Sweeney, L.},
    title = {Computational Disclosure Control},
    school = {MIT},
    year = {2001},
    OPTaddress = {Cambridge, MA}
}

@Book{tan92,
    editor = {Tanur, J. M.},
    title = {Questions About Questions},
    publisher = {Russell Sage Foundation},
    year = 1992,
    OPTaddress = NY
}

@Book{CNSTAT00,
    editor = {Mackie, C. and Bradburn, N.},
    title = {Improving Access to and Confidentiality of Research Data:
        {R}eport of a Workshop},
    publisher = NAP,
    year = 2000,
    address = DC
}


@InProceedings{fienmako01a,
    author = {Fienberg, S.~E. and Makov, U. E.},
    title = {Uniqueness and disclosure risk: {U}rn models and simulation},
    booktitle = {Bayesian Methods with Applications to Science, Policy, and
        Official Statistics: Selected Papers from ISBA 2000},
    year = 2001,
    NOTES = {To appear},
    address = {Luxembourg},
    publisher = {Eurostat}
}

@Article{fienmako01b,
    author = {Fienberg, S.~E.  and Makov, U. E.},
    title = {Uniqueness and disclosure risk: {U}rn models and simulation},
    journal = ROS,
    year = 2001,
    VOLUME = {4},
    PAGES = {23--40}
}


@InProceedings{dobrafienberg01,
    author = {Dobra, A. and Fienberg, S. E.},
    title = {Bounds for cell entries in contingency tables induced by
        fixed marginals},
    year = 2001,
    booktitle =  {2nd Joint ECE/Eurostat Work Session on Statistical
        Data Confidentiality},
    address = {Luxembourg},
    publisher = {Eurostat}
}

@InCollection{fmms01,
    author =  {Fienberg,  S. E. and Makov, U. E. and  Meyer, M. M. and
        Steele, R. J.},
    title = {Computing the exact distribution for a multi-way contingency
        table conditional on its marginal totals},
    booktitle =  {Data Analysis from Statistical Foundations: Papers in
        Honor of D. A. S. Fraser},
    NOTE = {To appear},
    publisher = {Nova Science Publishing},
    year = 2001,
    editor = {A. K. E. Saleh}
}


@TechReport{dobr01,
    author = {Dobra, A.},
    title = {Gr\"{o}bner bases for decomposable and reducible
        graphical models},
    institution = {Department of Statistics, Carnegie Mellon University},
    year = 2001
}


@article{diac:stur:1998,
    Author = {Diaconis, P. and Sturmfels, B.},
    Title = {Algebraic Algorithms for Sampling From
        Conditional Distributions},
    Year = 1998,
    Journal = {Ann.\ Statist.},
    Volume = 26,
    Pages = {363--397},
    Keywords = {Exponential family; Markov chain Monte Carlo; Contingency
        table; Logistic regression; Spectral analysis}
}


@InCollection{dfkpr01,
    author = {Duncan, G. T.  and  Fienberg, S. E. and
        Krishnan,  R. and Padman,  R. and Roehrig, S. F.},
    title = {Disclosure limitation methods and information loss for
        tabular data},
    booktitle = {Confidentiality, {D}isclosure and {D}ata {A}ccess:
        {T}heory and {P}ractical {A}pplications for {S}tatistical
        {A}gencies},
    publisher = {Elsevier},
    year = {2001},
    editor = {P. Doyle and J. I. Lane and J. J. M. Theeuwes and L. V. Zayatz},
    address = {Amsterdam},
    PAGES = {135--166}
}


@inproceedings{fien99,
    Author = {Fienberg, S. E.},
    Title = {Statistics  and Privacy in the New Millennium:
        {C}ontinuing the Dialogue for Increased Access to Research Data},
    Year = 1999,
    Booktitle = {ASA  Proceedings of the Section on Survey Research
        Methods},
    Publisher = {American Statistical Association},
    ADDRESS = {Alexandria, VA},
    Pages = {86--88}
}


@Article{fien01,
    author = {Fienberg, S. E.},
    title = {Statistical perspectives on confidentiality and data access in
        public health},
    journal = {Statist.\ in Medicine},
    year = 2001,
    volume = 20,
    pages = {1347--1356}
}

@InProceedings{fien00,
    author = {Fienberg, S. E.},
    title = {Confidentiality and data protection through disclosure
        limitation: {E}volving principles and technical advances},
    booktitle = {IAOS Conference on  Statistics, Development and Human
Rights},
    year = 2000
}


@InProceedings{fien98,
    author = {Fienberg, S. E.},
    title = {Towards multiple-media survey and census data: Rethinking
        fundamental issues of design and analysis},
    booktitle = {Symposium 97: New Directions in Surveys and Censuses,
        Proceedings},
    pages = {7--18},
    year = 1998,
    address = {Ottawa, Canada},
    publisher = {Statistics Canada}
}


@InProceedings{malinsweeney00,
    author =   {Malin, B. and  Sweeney, L.},
    title =    {Determining the Identifiability of {DNA} Database Entries},
    booktitle = {Proc.\ AMIA Symp.\ 2000},
    pages =    {537--541},
    year =     {2000}
}


@article{liseo:2001,
    Author = {Fortini, M. and Liseo, B. and  Nuccitelli, A. and Scanu, M.},
    Title = {On {B}ayesian  Record Linkage},
    Year = 2001,
    Journal = ROS,
    Volume = 4,
    NOTE = {To appear}
}


@article{lars:rubi:2001,
    Author = {Larsen, M. D. and Rubin, D. B.},
    Title = {Iterative Automated Record Linkage Using Mixture
        Distributions},
    Year = 2001,
    Journal = JASA,
    Volume = 96,
    Pages = {32--41}
}


@article{beli:rubi:1995,
    Author = {Belin, T. R. and Rubin, D. B.},
    Title = {A Method for Calibrating False Match Rates in Record Linkage},
    Year = 1995,
    Journal = JASA,
    Volume = 90,
    Pages = {694--707},
    Keywords = {EM algorithm; Mixture model}
}


@ARTICLE{duncan-mukherjee00,
    AUTHOR = {G. T. Duncan and S. Mukherje},
    TITLE = {Optimal disclosure limitation in statistical databases:
        {D}eterring tracker attacks through additive noise},
    JOURNAL = JASA,
    VOLUME = 95,
    PAGES = {720--729},
    YEAR = 2000,
    KEYWORDS = {},
}

@incollection{dunc-encyc,
    AUTHOR = {G. T. Duncan},
    TITLE = {Confidentiality and Statistical Disclosure Limitation},
    BOOKTITLE = {International {E}ncyclopedia of the {S}ocial and
        {B}ehavioral {S}ciences},
    EDITOR = {N. J. Smelser and P. B. Baltes},
    YEAR = {2001},
    PUBLISHER = {Elsevier Science},
    ADDRESS = {Amsterdam},
    PAGES = {2521--2525}
}


@inproceedings{hovy01,
    AUTHOR = {E. Hovy and A. Philpot and J. L. Ambite and Y. Arens and
        J. Klavans and W. Bourne and D. Saros},
    TITLE = {Data acquisition and integration in the {DGRC}'s energy data
        collection project},
    BOOKTITLE = {dg.o 2001: {P}roc.\ First National Conference
        on Digital Government Research},
    YEAR = 2001,
    PAGES = {60--67},
    PUBLISHER = {{D}igital {G}overnment {R}esearch {C}enter},
    ADDRESS = {{M}arina del {R}ey, {CA}}
}


@inproceedings{karr-dgo,
    AUTHOR = {A. F. Karr and A. P. Sanil},
    TITLE = {Web-based systems that disseminate information but
        protect confidentiality},
    BOOKTITLE = {dg.o 2001: {P}roc.\ First National Conference
        on Digital Government Research},
    YEAR = 2001,
    PAGES = {159--166},
    PUBLISHER = {{D}igital {G}overnment {R}esearch {C}enter},
    ADDRESS = {{M}arina del {R}ey, {CA}}
}


@BOOK{mitchell97,
    AUTHOR = {T. M. Mitchell},
    TITLE = {Machine {L}earning},
    YEAR = 1997,
    PUBLISHER = {McGraw--Hill},
    ADDRESS = NY
}


@BOOK{mccullagh89,
    AUTHOR = {P. McCullagh and J. Nelder},
    TITLE = {Generalized Linear Models},
    YEAR = 1989,
    PUBLISHER = {Chapman \& Hall},
    ADDRESS = {London},
    EDITION = {2nd}
}


@BOOK{hastie90,
    AUTHOR = {T. Hastie and R. Tibshirani},
    TITLE = {Generalized Additive Models},
    YEAR = 1990,
    PUBLISHER = {Chapman \& Hall},
    ADDRESS = {London}
}


@MISC{servlet-sun,
    AUTHOR = {{Sun Microsystems, Inc.}},
    TITLE = {Java {S}ervlet {T}echnology},
    NOTE = {Information available on-line at \\
        \textsf{java.sun.com/products/servlet/}}
}


@BOOK{hunter01,
    AUTHOR = {J. Hunter and W. Crawford},
    TITLE = {Java Servlet Programming},
    YEAR = 2001,
    PUBLISHER = {O'Reilly},
    ADDRESS = {Sebastopol, CA},
    EDITION = {2nd}
}


@MISC{hrs01,
    AUTHOR = {{University of Michigan}},
    TITLE = {Health and Retirement Study},
    NOTE = {Information available on-line at
        \textsf{www.umich.edu/\~hrswww}} }


@misc{lassila99,
    author = {O. Lassila and R. Swick},
    title = {Resource {D}escription {F}ramework ({RDF}), {M}odel
        and {S}yntax {S}pecification, {W3C} {R}ecommendation},
    note = {Available on-line at \textsf{www.w3.org}},
    year = 1999
}


@misc{web-extensible,
    author = {{World Wide Web Consortium}},
    title = {Extensible {M}arkup {L}anguage ({XML})},
    NOTE = {Information available on-line at
        \textsf{www.w3.org/TR/REC-xml}},
    annote = {The World Wide Web Consortium's offical web site
        for resources and documents related to XML.},
    year = {2004}
}


@article{wang98,
    author = {R. Wang},
    title = {A Product Perspective on Total Data Quality Management},
    journal = CACM,
    volume = 41,
    number = 2,
    year = 1998
}


@article{orr98,
    author = {K. Orr},
    title = {Data Quality and Systems Theory},
    journal = CACM,
    volume = 41,
    number = 2,
    year = 1998
}


@article{kaplan98,
    author = {D. Kaplan and R. Krishnan},
    title = {Assessing data quality in accounting information systems},
    journal = CACM,
    volume = 41,
    number = 2,
    pages = {72--78},
    year = 1998
}


@book{rousseeuw87,
    author = {P. Rousseeuw and A. Leroy},
    title = {{R}obust {R}egression and {O}utlier {D}etection},
    Publisher =  {Wiley},
    ADDRESS = NY,
    year = 1987
}


@article{chaloner88,
    author = {K. Chaloner and R. Brant},
    title = {A {B}ayesian approach to outlier detection and
        residual analysis},
    journal = {Biometrika},
    volume = 75,
    pages = {651--659},
    year = 1988
}


@article{gnanadesikan80,
    author = {R. Gnanadesikan and J. Kettenring},
    title = {Robust estimates, residuals, and outlier detection},
    journal =  {Biometrics},
    volume = 28,
    pages = {81--124},
    year = 1980
}


@book{duda73,
    author = {R. Duda and P. Hart},
    title = {Pattern {R}ecognition and {S}cene {A}nalysis},
    publisher = {Wiley},
    ADDRESS = NY,
    year = 1973
}


@book{ripley96,
    author = {B. Ripley},
    title = {Pattern {R}ecognition and {N}eural {N}etworks},
    publisher = {Oxford University Press},
    ADDRESS = {Oxford, UK},
    year = 1996
}


@article{ballou89,
    author = {D. P. Ballou and G. Tayi},
    title = {Methodology for allocating resources for data quality
        enhancement},
    journal = CACM,
    volume = 32,
    number = 3,
    pages = {320--329},
    year = 1989
}


@MISC{lagoze96,
    author = {C. Lagoze and C. A. Lynch and Daniel, Jr., R.},
    title = {The {W}arwick Framework: {A} Container Architecture
        for Aggregating Sets of Metadata},
    year = 1996,
    NOTE = {Available on-line at
        \\
        \textsf{www.ifla.org/documents/libraries/cataloging/metadata/tr961593.pdf}}
}


@inproceedings{chang97,
    author = {W. Chang and D. Murthy and A. Zhang and T. Syeda Mahmood},
    title = {Metadatabase and Search Agent for Multimedia Database
        Access over {I}nternet},
    booktitle = {Proc.\ {F}ourth {IEEE} {I}nternational
      {C}onference on {M}ultimedia {C}omputing and {S}ystems (ICMCS'97)},
    year = 1997
}


@misc{j2ee,
    author = {{Sun Microsystems, Inc.}},
    title = {Java 2 {P}latform, {E}nterprise {E}dition {S}pecification},
    NOTE = {Information available on-line at \textsf{java.sun.com/j2ee/}}
}


@inproceedings{moore98em,
    author = {A. Moore},
    title = {Very fast {EM}--based mixture model clustering using
        multiresolution $kd$-trees},
    booktitle = {Neural {I}nformation {P}rocessing {S}ystems},
    year = 1998
}


@article{moore98ad,
    author = {A. Moore and M. Lee},
    title = {Cached sufficient statistics for efficient machine
        learning with large datasets},
    journal = {J. Artificial Intell.\ Res.},
    volume = 8,
    pages = {67--91},
    year = 1998
}


@incollection{fayyad96kdd,
    author = {U. M. Fayyad and G. Piatetsky{--}Shapiro and P. Smyth},
    title = {From Data Mining to Knowledge Discovery: {A}n Overview},
    booktitle = {Advances in {K}nowledge {D}iscovery and {D}ata {M}ining},
    EDITOR = {U. M. Fayyad and G. Piatetsky{--}Shapiro and P. Smyth
        and R. Uthurusamy},
    pages = {1--34},
    year = 1996,
    PUBLISHER = {{AAAI} Press},
    ADDRESS = {Menlo Park, CA}
}


@inproceedings{roehrig99,
    author = {S. Roehrig},
    title = {Auditing disclosure in multi-way tables with cell
        suppression: {S}implex and shuttle solutions},
    Booktitle = {Proc.\ Joint Statistical Meetings},
    year = 1999,
    PUBLISHER = {American Statistical Association},
    ADDRESS = {Alexandria, VA}
}


@INPROCEEDINGS{singh01,
    AUTHOR = {Singh, A. C. and Feder, M. and Dunteman, G. and Yu, F.},
    TITLE = {Use of optimal subsampling, substitution, and calibration
        for protecting quality and confidentiality of public use
        microdata},
    BOOKTITLE = {Proc.\ ENAR/IBS Spring Meeting},
    YEAR = 2001
}


@article{tayi98,
    author = {G. Tayi and D. Ballou},
    title = {Examining data quality: {G}uest editors' introduction},
    journal = CACM,
    volume = 41,
    number = 2,
    pages = {54--57},
    year = 1998
}


@misc{saalfeld,
    AUTHOR = {A. J. Saalfeld},
    TITLE = {Testing protection of suppressed cells
        in complex additive tables},
    NOTE = {Unpublished manuscript}
}


@misc{recs,
    AUTHOR = {{Energy Information Administration}},
    TITLE = {Residential {E}nergy {C}onsumption {S}urvey},
    NOTE = {Information available on-line at
        \textsf{www.eia.doe.gov/emeu/recs/contents.html}}
}


@article{purcell79,
    AUTHOR = {Purcell, N. J. and Kish, L.},
    YEAR = 1979,
    TITLE = {Estimations for small domains},
    JOURNAL = {Biometrics},
    VOLUME =  35,
    PAGES = {365--384}
}


@ARTICLE{jirousek95,
    AUTHOR = {Jirousek, R. and Preucil, S.},
    YEAR =  1995,
    TITLE = {On the effective implementation of the iterative
        proportional fitting procedure},
    JOURNAL = {Computational Statist.\ Data Anal.},
    VOLUME = 19,
    PAGES = {177--189}
}

@BOOK{bhf75,
    AUTHOR = {Bishop, Y. M. M. and Fienberg, S. E. and Holland, P. W.},
    YEAR = 1975,
    TITLE = {Discrete Multivariate Analysis: Theory and Practice},
    ADDRESS = {Cambridge, MA},
    PUBLISHER = {{MIT} {P}ress}
}

@MISC{cald,
    AUTHOR = {{Carnegie Mellon University}},
    TITLE = {Center for {A}utomated {L}earning and {D}iscovery},
    NOTE = {Information available on-line at
        \textsf{www.cs.cmu.edu/afs/cs.cmu.edu/project/cald/www/}}
}


@TECHREPORT{skm-nces,
    AUTHOR = {S. Keller{--}McNulty and G. T. Duncan},
    TITLE = {A Progress Report to the {N}ational {C}enter for
        {E}ducation {S}tatistics: {D}isclosure-Limited Statistical
        Analysis of Confidential Data to Support
        {NSF}-Sponsored {D}igital {G}overnment Grant},
    INSTITUTION = {Los Alamos National Laboratory},
    NUMBER = {LA-UR-01-1673},
    YEAR = {2001}
}


@ARTICLE{skm-chen98,
    AUTHOR = {G. Chen and S. Keller{--}McNulty},
    TITLE = {Estimation of Identification Disclosure Risk in Microdata},
    JOURNAL = JOS,
    VOLUME = 14,
    NUMBER = 1,
    PAGES = {79--96},
    YEAR = 1998
}


@ARTICLE{skm-unger98,
    AUTHOR = {S. Keller{--}McNulty and E. A. Unger},
    TITLE = {A Remote Access Database System Prototype
        for the Release of Confidential Data},
    JOURNAL = JOS,
    VOLUME = 14,
    NUMBER = 4,
    PAGES = {347--360},
    YEAR = 1998
}


@ARTICLE{skm-unger93,
    AUTHOR = {S. Keller{--}McNulty and E. A. Unger},
    TITLE = {Database Systems: {I}nferential Security},
    JOURNAL = JOS,
    VOLUME = 9,
    NUMBER = 2,
    PAGES = {475--500},
    YEAR = 1993
}


@INPROCEEDINGS{clifton96,
    AUTHOR = {C. Clifton and D. Marks},
    TITLE = {Security and Privacy Implications of Data Mining},
    BOOKTITLE  = {Proc.\ ACM SIGMOD Workshop on Data Mining
        and Knowledge Discovery},
    YEAR = 1996,
}


@INPROCEEDINGS{atallah99,
    AUTHOR = {M. Atallah and E. Bertino and A. Elmagarmid and M. Ibrahim
        and V. Verykios},
    TITLE = {Disclosure limitation of sensitive rules},
    BOOKTITLE = {Knowledge and Data Engineering Exchange Workshop
        (KDEX'99)},
    PAGES = {25--32},
    YEAR = 1999
}

@INPROCEEDINGS{johnsten96,
    AUTHOR = {T. Johnsten and V. Raghavan},
    TITLE = {Impact of decision-region based classification algorithms
        on database security},
    BOOKTITLE  = {Proc.\ Thirteenth Annual IFIP WG 11.3 Working Conference
        on Database Security},
    YEAR = 1999
}


@ARTICLE{clifton00,
    AUTHOR = {C. Clifton},
    TITLE = {Using Sample Size to Limit Exposure to Data Mining},
    JOURNAL = {J. Computer Security},
    VOLUME = 8,
    NUMBER = 4,
    PAGES = {281--307},
    YEAR = 2000
}


@INPROCEEDINGS{tsur98,
    AUTHOR = {S. Tsur and J. D. Ullman and S. Abiteboul and C. Clifton
        and R. Motwani and S. Nestorov and A. Rosenthal},
    TITLE = {Generalization of Association-Rule Mining},
    BOOKTITLE  = {Proc. SIGMOD Conference},
    PAGES = {1--12},
    YEAR = 1998,
}


@BOOK{duncan93,
    EDITOR = {Duncan, G. T. and Jabine, T.~B. and de Wolf, V. A.},
    YEAR = 1993,
    TITLE = {Private Lives and Public Policies:  Confidentiality and
        Accessibility of Government Statistics},
    PUBLISHER = NAP,
    ADDRESS = DC,
    NOTE = {Report of a {P}anel on {C}onfidentiality and {D}ata
        {A}ccess, {C}ommittee on {N}ational {S}tatistics},
    annote = {General discussion of interaction between data
        confidentiality and \DQ.}
}


@Book{will96,
    Author = {Willenborg, L. C. R. J. and de Waal, T.},
    Title  = {Statistical {D}isclosure {C}ontrol in {P}ractice},
    Year   = 1996,
    Publisher = {Springer--Verlag},
    Address = NY
}


@article{dalenius77,
    Journal = {Statistisk Tidskrift},
    Volume = 5,
    Pages = {429--444},
    Author = {Dalenius, T.},
    Title = {Towards a methodology for statistical disclosure control},
    Year = 1977
}


@BOOK{fcsm94,
    Author = {{Federal Committee on Statistical Methodology}},
    Title = {{R}eport on {S}tatistical {D}isclosure
        {L}imitation {M}ethodology},
    Year = 1994,
    PUBLISHER = OMB,
    ADDRESS = DC
}


@ARTICLE{cox80,
    AUTHOR = {Cox, L. H.},
    TITLE = {Suppression methodology and statistical
        disclosure control},
    JOURNAL = JASA,
    VOLUME = 75,
    PAGES = {337--385},
    YEAR = 1980
}


@ARTICLE{cox81,
    AUTHOR = {Cox, L. H.},
    TITLE = {Linear sensitivity measures in statistical
        disclosure control},
    JOURNAL = JSPI,
    VOLUME = 5,
    PAGES = {152--164},
    YEAR = 1981
}


@ARTICLE{cox95,
    AUTHOR = {Cox, L. H.},
    TITLE = {Network models for complementary cell suppression},
    JOURNAL = JASA,
    VOLUME = 90,
    PAGES = {1453--1462},
    YEAR = 1995
}


@BOOK{baltagi98,
    AUTHOR = {Baltagi, B. H.},
    TITLE = {Econometrics},
    YEAR = 1998,
    PUBLISHER = SV,
    ADDRESS = NY
}

@ARTICLE{dalenius82,
    AUTHOR = {T. Dalenius and S. P. Reiss},
    TITLE = {Data swapping: {A} technique for disclosure control},
    JOURNAL = JSPI,
    VOLUME = 6,
    PAGES = {73--85},
    YEAR = 1982
}


@Book{willenborg01,
    Author = {Willenborg, L. C. R. J. and de Waal, T.},
    Title  = {{E}lements of {S}tatistical {D}isclosure {C}ontrol},
    Year   = 2001,
    Publisher = {Springer--Verlag},
    Address = NY
}


@PHDTHESIS{dobra-diss,
    AUTHOR = {A. Dobra},
    TITLE = {Statistical {T}ools for {D}isclosure {L}imitation
        in {M}ulti-{W}ay {C}ontingency {T}ables},
    SCHOOL = {Carnegie {M}ellon {U}niversity},
    YEAR = 2002
}


@article{dunc:wolf:jabi:stra:1993,
    Journal = JOS,
    Volume = 9,
    Pages = {271--274},
    Author = {Duncan, G. T. and de Wolf, V. A. and Jabine, T.
        B. and Straf, M. L.},
    Title = {Report of the {P}anel on {C}onfidentiality and {D}ata
        {A}ccess},
    Year = 1993
}


@inproceedings{kohavi-nbtree,
    author={R. Kohavi},
    title={Scaling Up the Accuracy of Naive-Bayes Classifiers: a
        Decision-Tree Hybrid},
    booktitle={Proceedings of the Second International Conference on
        Knowledge Discovery and Data Mining},
    publisher = {AAAI Press},
    year = 1996
}


@misc{Blake:Merz:1998 ,
    author = "C. L. Blake and C. J. Merz",
    year = "1998",
    title = "{UCI} Repository of machine learning databases",
    url = "http://www.ics.uci.edu/$\sim$mlearn/MLRepository.html",
    institution = "University of California, Irvine, Dept.\ of
        Information and Computer Sciences"
}


@Book{lauritzen96,
    author = {Lauritzen, S. L.},
    title  = {Graphical Models},
    publisher = {Clarendon Press},
    ADDRESS = {Oxford, {UK}},
    year = {1996}
}


@BOOK{mysql99,
    AUTHOR = {R. J. Yarger and G. Reese and T. King},
    TITLE = {{MySQL} and {mSQL}},
    YEAR = 1999,
    PUBLISHER = {O'Reilly},
    ADDRESS = {Sebastopol, {CA}}
}


@techreport{dks-optimal,
    AUTHOR = {A. Dobra and A. F. Karr and A. P. Sanil},
    TITLE = {Optimal Sets of Tabular Data Releases},
    INSTITUTION = NISS,
    YEAR = 2002,
    NOTE = {In preparation}
}


@article{ts-cacm,
    AUTHOR = {A. F. Karr and A. Dobra and A. P. Sanil},
    TITLE = {Table servers protect confidentiality in
        tabular data releases},
    JOURNAL = CACM,
    YEAR = {2003},
    VOLUME = {46(1)},
    PAGES = {57--58},
    annote = {Discusses software systems for disclosure-limited
        dissemination of tabular data.}
}


@misc{nces-chap3,
    AUTHOR = {National Center for Education Statistics},
    TITLE = {Restricted--{U}se {D}ata {P}rocedures {M}anual,
        {C}hapter 3: {S}ecurity {P}rocedures},
    NOTE = {Available on-line at\\
        \textsf{www.nces.ed.gov/statprog/rudman/chapter3.asp}}
}


@article{iass01,
    AUTHOR = {A. F. Karr and A. P. Sanil},
    TITLE = {Web systems that disseminate information but protect
        confidential data},
    JOURNAL = {Proc. {I}nternat. {A}ssoc. {S}urvey {S}tatist.},
    Year = {2002},
    NOTE = {To appear}
}


@article{cox87-cr,
    AUTHOR = {Cox, L. H.},
    YEAR = {1987},
    TITLE = {A constructive procedure for unbiased controlled
        rounding},
    JOURNAL = JASA,
    VOLUME = 82,
    PAGES = {520--524}
}


@article{madigan95,
    Author = {Madigan, D. and York, J.},
    Title = {Bayesian Graphical Models for Discrete Data},
    Year = 1995,
    Journal = {Int. Statist. Rev.},
    Volume = 63,
    Pages = {215--232},
    Keywords = {Markov chain Monte Carlo; Log-linear model; Double
        sampling}
}


@Book{whittaker90,
    author = {Whittaker, J.},
    title = {Graphical Models in Applied Multivariate Statistics},
    publisher = {Wiley},
    year = {1990},
    address = NY
}


@article{metropolis53,
    author = {Metropolis, N. and Rosenbluth, A. W. and Rosenbluth,
        M. N. and Teller, A. H. and Teller, E.},
    title = {Equations of state calculations by fast computing
        machines},
    journal = {J. Chem. Phys.},
    volume = {21},
    pages = {1087--1092},
    year = {1953}
}


@inproceedings{deshpande-efficient,
    author = "Deshpande, A. and Garofalakis, M. and Jordan, M.",
    title = "Efficient Stepwise Selection in Decomposable Models",
    BOOKTITLE = {Proceedings of {UAI} '2001},
    YEAR = {2001},
    NOTE = {Available on-line at
        \\
        \textsf{www.cs.berkeley.edu/~jordan/papers/forwardselection.pdf.gz}},
    url = "citeseer.nj.nec.com/447555.html"
}


@article{dkms01,
    author = {G. T. Duncan and S. A. Keller-McNulty and S. L. Stokes},
    year = {2004},
    title = {Disclosure risk vs.\ data utility: {T}he {R--U}
        confidentiality map},
    journal = {Management Sci.},
    note = {Submitted for publication}
}


@misc{hettich-bay,
  author = {Hettich, S. and Bay, S. D.},
  title = {The {UCI} {KDD} {A}rchive. {I}rvine, {CA}: {U}niversity of
{C}alifornia,
    {D}epartment of {I}nformation and {C}omputer {S}cience},
  year = {1999},
  note = "Available on-line at \textsf{kdd.ics.uci.edu}"
}


@misc{tomcat,
    author = {{The Apache Software Foundation}},
    title = {{J}akarta {T}omcat},
    NOTE = {Information available on-line at \\
        \textsf{jakarta.apache.org/tomcat/}}
}


@article{edwards85,
    title =  {A Fast Procedure for Model Search in Multidimensional
        Contingency Tables},
    author = {Edwards, D. E. and Havraneek, T.},
    journal = {Biometrika},
    year = {1985},
    volume = {72},
    pages = {339--351}
}

@article{fien:mako:1998,
    author = {Fienberg, S. E. and Makov, U. E.},
    year = {1998},
    title = {Confidentiality, Uniqueness, and Disclosure Limitation for
        Categorical Data},
    journal = JOS,
    volume = {14},
    pages = {385--397}
}


@article{samu:1998,
    author = {Samuels, S. M.},
    year = {1998},
    title = {A {B}ayesian, Species-sampling-inspired Approach to the
        Uniqueness Problem in Microdata Disclosure Risk Assessment},
    journal = JOS,
    volume = {14},
    pages = {373--383}
}


@inproceedings{dunc:fien:1999,
    author = {Duncan, G. T. and Fienberg, S. E.},
    year = {1999},
    title = {Obtaining Information While Preserving Privacy: {A}
        {M}arkov Perturbation Method for tabular Data},
    booktitle = {Statistical Data Protection, Proceedings of
        the Conference, Lisbon},
    organization = {Eurostat},
    address = {Luxembourg},
    pages = {351--362}
}


@article{fien:mako:stee:1998,
    author = {Fienberg, S. E. and Makov, U.  E. and Steele, R. J.},
    year = {1998},
    title = {Disclosure Limitation Using Perturbation and
        Related Methods for Categorical Data},
    note = {With discussion},
    journal = JOS,
    volume = {14},
    pages = {485--511}
}


@article{goow:kooi:will:wolf:1998,
    author = {Gouweleeuw, J. M. and Kooiman, P. and Willenborg,
        L. C. R. J. and Wolf, P. P. de.},
    year = {1998},
    title = {Post Randomization for Statistical Disclosure Control:
        {T}heory and Implementation},
    journal = JOS,
    volume = {14},
    pages = {463--478}
}


@article{trotfien02,
    author = {Trottini, M. and Fienberg, S. E.},
    year = {2002},
    title = {Modelling User Uncertainty for Disclosure Risk and
        Data Utility},
    journal = {Int.\ J. Uncertainty, Fuzziness and Knowledge Based
        Systems},
    volume = {10},
    pages = {511--528}
}


@book{edwards00,
    author = {Edwards, D.},
    year = {2000},
    title = {Introduction to Graphical Modelling},
    publisher = SV,
    address = NY
}


@article{madi:raft:1994,
    author = {Madigan, D. and Raftery, A. E.},
    year = {1994},
    title = {Model Selection and Accounting for Model Uncertainty in
        Graphical Models Using {O}ccam's Window},
    journal = JASA,
    volume = {89},
    pages = {1535--1546}
}


@inproceedings{whit:1984,
    author = {Whitakker, J.},
    year = {1984},
    title = {Fitting all possible decomposable and graphical models to
        multiway contingency tables},
    editor = {{Havraneek \textit{et al.}}, T. },
    booktitle = {Compstat},
    publisher = {Physica-Verlag},
    address = {Vienna},
    pages = {401--406}
}


@misc{cps,
    title = {Current {P}opulation {S}urvey},
    author = {{Census Bureau}},
    year = {2002},
    note = {Information available on-line at \\
        \textsf{www.bls.census.gov/cps/cpsmain.htm}}
}


@article{ijufks02,
    AUTHOR = {Dobra, A. and Fienberg, S.~E. and Karr, A.~F. and
        Sanil, A.~P.},
    TITLE = {Software systems for tabular data releases},
    JOURNAL = {Int.\ J. Uncertainty, Fuzziness and Knowledge Based
        Systems},
    YEAR = {2002},
    VOLUME = {10(5)},
    PAGES = {529--544},
    annote = {Discusses two approaches for disclosure limited release of tabulated
        data along with software implementations}
}


@inproceedings{otr-dgo2002,
    AUTHOR = {Karr, A.~F. and Dobra, A. and Sanil, A.~P.},
    TITLE = {Optimal tabular releases from confidential data},
    YEAR = {2002},
    BOOKTITLE = {dg.o 2002: {P}roc.\ Second National Conference
        on Digital Government Research},
    PUBLISHER = {{D}igital {G}overnment {R}esearch {C}enter},
    ADDRESS = {{M}arina del {R}ey, {CA}}
}


@book{cermani02,
    TITLE = {Web Services Essentials},
    AUTHOR = {E. Cerami},
    PUBLISHER = {O'Reilly \& Associates},
    ADDRESS = {Sebastopol, CA},
    YEAR =  {2002}
}


@misc{wsdl-w3c,
    TITLE = {{W}eb {S}ervices {D}escription {L}anguage ({WSDL})},
    AUTHOR = {{World Wide Web Consortium}},
    Year = {2002},
    NOTE = {Information available on line at \textsf{www.w3.org/TR/wsdl}}
}


@Article{leimer93,
    author = {Leimer, H. G.},
    title = {Optimal Decomposition by Clique Separators},
    journal = {Discrete Mathematics},
    year = {1993},
    volume = {113},
    pages = {99--123}
}


@Article{tarjan85,
    author = {Tarjan, R. E.},
    title = {Decomposition by Clique Separators},
    journal = {Discrete Mathematics},
    year = {1985},
    volume = {55},
    pages = {221--232}
}


@article{webswap,
    title = {\textsf{{NISSW}eb{S}wap}: {A} {W}eb {S}ervice for data
        swapping},
    author = {A. P. Sanil and S. Gomatam and A. F. Karr and C. Liu},
    journal = {J. Statist.\ Software},
    year = {2003},
    volume = {8(7)},
    annote = {A user's guide to using NISS' Web service
        for data swapping (as a disclosure limitation method).}
}

@article{statcomp03,
    author = {A. Dobra and A.~F. Karr and A.~P. Sanil},
    title = {Preserving Confidentiality of High-dimensional
        Tabular Data: {S}tatistical and Computational Issues},
    journal = {Statist.\ and Computing},
    year = {2003},
    volume = {13(4)},
    pages = {363--370},
    annote = {Discusses computational details of scalable
        algorithms for high-dimensional tables and
        introduces the Generalized Shuttle Algorithm
        for computing bounds on cells of contingenecy tables.}
}


@techreport{ds-basics,
    author = {S. Gomatam and A.~F. Karr},
    title = {Distortion Measures for Categorical Data Swapping},
    year = {2003},
    institution = NISS,
    number = 131,
    note = {Available on-line from
        \textsf{www.niss.org/downloadabletechreports.html}},
    annote = {Reviews basic concepts of data swapping as
        a disclosure limitation technique. Discusses criteria
        to measure the effect of data swapping on the released data set.}
}


@misc{aff,
    author = {Census Bureau},
    title = {American {F}act{F}inder},
    year = {2003},
    note = {Available on-line at
        \textsf{factfinder.census.gov}}
}


@inproceedings{e-tables,
    author = {Marchionini, G. and Hert, C. and Shneiderman, B.
        and Liddy, L.},
    year = {2001},
    title = {{E}-tables: {N}on-specialist use and understanding
        of statistical data},
    booktitle = {Proceedings of dg.o2001: National Conference for
        Digital Government},
    publisher = {Digital Government Research Center},
    address = {Marina del Rey, CA},
    pages = {114--119}
}


@misc{sass,
    author = {{National Center for Education Statistics}},
    title = {Schools and {S}taffing {S}urvey},
    year = {2000},
    note = {Information available on-line at
        \textsf{www.nces.ed.gov/surveys/sass/}}
}


%% Updated 2003/12/03
@techreport{ds-ru,
    author = {Gomatam, S. and Karr, A.~F. and Sanil, A.},
    title = {A Risk-Utility Framework for Categorical Data Swapping},
    year = {2003},
    institution = NISS,
    number = 132,
    note = {Available on-line from
        \textsf{www.niss.org/downloadabletechreports.html}},
    annote = {Reviews basic concepts of data swapping as
        a disclosure limitation technique. Discusses criteria
        to measure the effect of data swapping on the released data set.}
}

@book{lecam90,
    Author = {Le Cam, L. and Yang, G.~L.},
    Title = {Asymptotics in Statistics},
    Year = 1990,
    Publisher=SV,
    Address = NY
}


@misc{webswap-dist,
    author = NISS,
    title = {{NISS WebSwap}},
    year = {2003},
    note = {Available on-line at
        \\
        \textsf{www.niss.org/WebServices/dg/WebSwap.html}}
}


%% Added 2003/02/27
@misc{dgo2003,
    author = {S. Gomatam and A. F. Karr and C. Liu and A. P. Sanil},
    title = {Data Swapping: {A} Risk--Utility Framework and
        Web Service Implementation},
    year = {2003},
    note = {Presented at dg.o2003}
}


%% Added 2003/06/05
@book{doyle01,
    author = {P. Doyle and J.I. Lane and J. J. M. Theeuwes and L. V. Zayatz},
    title = {Confidentiality, Disclosure and Data Access:
        {T}heory and Practical Application for Statistical
        Agencies},
    year = {2001},
    publisher = {Elsevier},
    address = {Amsterdam}
}


%% Added 2003/06/11
@misc{dfks03,
    author = {Dobra, A. and Fienberg, S.~E. and Karr, A.~F. and
        Sanil, A.~P.},
    title = {A general risk--utility formulation for
        statistical disclosure limitation in release systems,
        with application to tabular data},
    year = {2003},
    note = {Manuscript in preparation}
}


@article{fell:sunt:1969,
    Author = {Fellegi, I. P. and Sunter, A. B.},
    Title = {A Theory for Record Linkage},
    Year = 1969,
    Journal = JASA,
    Volume = 64,
    annote = {This seminal paper provides the formal mathematical
        foundation of record linkage techniques. Demostrates the
        optimality of Newcombe's decision rules
        \cite{newc:kenn:1962},
        and introduces techniques for estimating critical matching
        probability parameters.},
    Pages = {1183--1210}
}


@article{winkler:1994,
    Author = {Winkler, W. E.},
    Title = {Advanced Methods for Record Linkage},
    Year = 1994,
    Journal = {ASA Proceedings of the Section on Survey Research Methods},
    Pages = {467--72},
    annote = {Describes three advances in record linkage: an
        improved string comparison method, a linear assignment algorithm
        that is more accurate and runs with significant space savings, and
        an expectation-maximization algorithm for estimating parameters in
        latent class, loglinear models of the type arising in record linkage.},
    Keywords = {Record linkage}
}


%% Added 2003/06/20
@misc{dkms03,
    author = {Duncan, G. T. and Keller-McNulty, S. A. and Stokes, S. L.},
    year = {2003},
    title = {Database Security and Confidentiality: {E}xamining
    Disclosure Risk vs.\ Data Utility through the {R-U} Confidentiality Map},
    note = {Manuscript in preparation}
}


%% Added 2003/07/09
@misc{dgii,
    Author = {{National Institute of Statistical Sciences}},
    year = {2004},
    Title = {{Digital Government Project II web site:
        Data Confidentiality, Data Quality and Data
        Integration for Federal Databases: Foundations to
        Software Prototypes}},
    Note = {Available on-line at \textsf{www.niss.org/dgii}},
    annote = {Web portal to \NISS\ research on data confidentiality.}
}


%% Added 2003/07/14
@incollection{abowd01,
    author = {J. M. Abowd and S. D. Woodcock},
    title = {Disclosure limitation in longitudinal linked data},
    year = {2001},
    booktitle = {Confidentiality,  Disclosure and Data Access:
        Theory and Practical Applications for Statistical Agencies},
    editor = {P. Doyle and J. I. Lane and J. J. M. Theeuwes and L. V. Zayatz},
    publisher = {Elsevier},
    address = {Amsterdam},
    pages = {215--278}
}


%% Added 2003/08/29
@article{gkrs03,
    author = {S. Gomatam and A. F. Karr and J. P. Reiter
        and A. P. Sanil},
    title = {Data Dissemination and Disclosure Limitation in a World
        Without Microdata: {A} Risk-Utility Framework for Remote
        Access Analysis Servers},
    year = {2004},
    journal = {Statist.\ Sci.},
    note = {To appear. Available on-line at
        \textsf{www.niss.org/dgii/technicalreports.html}.}
}


%% Added 2003/10/02
@article{ds-combined03,
    author = {S. Gomatam and A.~F.~Karr and A.~P.~Sanil},
    title = {Data Swapping as a Decision Problem},
    journal = JOS,
    year = {2003},
    note = {To appear. Available on-line at
        \textsf{www.niss.org/dgii/technicalreports.html}.}}
}

%% Added 2003/10/06
@misc{javadoc,
    author = {Sun Microsystems, Inc.},
    title = {Javadoc Tool},
    year = {2003},
    note = {Information available on-line at
        \\
        \textsf{http://java.sun.com/j2se/javadoc/}}
}


%% Added 2003/10/08
@misc{dstk-dist,
    author = {{National Institute of Statistical Sciences}},
    title = {{Data Swapping Toolkit}},
    year = {2003},
    Note = {Available on-line at
        \textsf{www.niss.org/software/dstk.html}}
}


%% Added 2003/10/14
@misc{dstk-doc,
    author = {{National Institute of Statistical Sciences}},
    title = {{NISS Data Swapping Toolkit User Documentation}},
    year = {2003},
    Note = {Available on-line at
        \textsf{www.niss.org/software/dstk.html}}
}


%% Added 2003/12/04
@incollection{Akaike:73,
    Author = {Akaike, H.},
    Title = {{Information theory} and the extension of the
        maximum likelihood principle},
    Booktitle = {Second International Symposium on Information
        Theory},
    Editor = {Petrov, B.N and Csaki, B.F.},
    Year = {1973},
    Pages = {267--281},
    Publisher = {Academiai Kiado},
    Address = {Budapest},
    Keyword= {Smoothing},
}


@article{Schw:78,
    Author = {Schwarz, Gideon},
    Title  = {{Estimating} the Dimension of a Model},
    Journal = {Ann.\ Statist.},
    Year   = 1978,
    Volume = 6,
    Pages = {461--464},
    Keyword = {Akaike information criteria, Asymptotics},
}


Added 2003/12/27
@article{reiterpartsyn03,
    Author = {Reiter, J. P.},
    Title = {Inference for Partially Synthetic, Public Use
        Microdata Sets},
    Year = {2003},
    Journal = {Survey Methodology},
    Pages = {181--188},
    volume = {29}
}


@article{reiter:2002,
    Author = {Reiter, J. P.},
    Title = {Satisfying Disclosure Restrictions With Synthetic
        Data Sets},
    Year = {2002},
    Journal = JOS,
    Volume = 18,
    Pages = {531--544}
}


@article{reiter:2002a,
    Author = {Reiter, J. P.},
    Title = {Releasing multiply-imputed, synthetic public use
        microdata: An illustration and empirical study},
    Year = {2004},
    Journal =  {J. Royal Statist.\ Soc., Series A},
    note = {To appear.}
}


@inproceedings{reiter:kohnen:2003,
    Author = {Reiter, J. P. and Kohnen, C. N.},
    Title = {Generalized linear model diagnostics for remote
        access servers},
    Year = {2003},
    booktitle = {Proceedings of the Association of Survey Computing
        Conference}
}


@article{reiter:syndiag,
  Author =   {Reiter, J. P.},
  Title =    {Model diagnostics for remote access regression
                  servers},
  Year =     {2003},
  Journal =  {Statistics and Computing},
  Pages =    {371--380},
  Volume =   13
}


%% Added 2003/12/28
@misc{karr:may2003,
    author = {A. F. Karr},
    title = {Data Confidentiality, Data Integration,
        Data Mining, Data Quality: {I}mplications for Counterterrorism},
    year = {2003},
    note = {Plenary address at the {C}onference on {S}tatistical
        {I}ssues in {C}ounterterrorism, {W}ashington, {DC}, {M}ay, 2003.
        Available on-line at \textsf{www.niss.org/dgii/presentations.html}.}
}


@article{securereg04,
    title = {Secure Regression on Distributed Databases},
    author = {A. F. Karr and X. Lin and J. P. Reiter and A. P. Sanil},
    journal = JCGS,
    year = {2004},
    note = {To appear. Available on-line at
        \textsf{www.niss.org/dgii/technicalreports.html}.}
}


%% Added 2003/12/29
@book{hastie90,
    author = {T. Hastie and R. Tibshirani},
    title = {Generalized additive models},
    address = NY,
    publisher = {Chapman \& Hall},
    year = {1990}
}


@misc{atkins03,
    author = {D. E. Atkins and K. K. Droegemeier and S. I. Feldman and
        H. Garcia-Molina and M. L. Klein and D. G. Messerschmitt and
        P. Messina and J. P. Ostriker and M. H. Wright},
    title = {Revolutionizing {S}cience and {E}ngineering through
        {C}yberinfrastructure: {R}eport of the {N}ational {S}cience
        {F}oundation {B}lue-{R}ibbon {A}dvisory {P}anel on
        {C}yberinfrastructure},
    year = {2003},
    note = {Available on-line at
        \textsf{www.cise.nsf.gov/sci/reports/atkins.pdf}}
}


@InProceedings{Benaloh87,
    author = {J. Benaloh},
    title = {Secret Sharing Homomorphisms: {K}eeping Shares of a
        Secret Sharing},
    booktitle = {CRYPTO86},
    editor = {A. M. Odlyzko},
    note = {Lecture Notes in Computer Science No.\ 263},
    publisher = SV,
    year = {1987}
}


%% Added 2004/04/05
@inproceedings{dgo2004,
    author = {A. F. Karr and X. Lin and J. P. Reiter and A. P. Sanil},
    year = {2004},
    title = {Regression on Distributed Databases via Secure
        Multi-Party Computation},
    note = {Available on-line at
        \\
        \textsf{www.niss.org/dgii/technicalreports.html}},
    booktitle = {Proc.\ dg.o 2004 National Conference on Digital
        Government Research},
    pages = {405--406}
}


@article{chance04,
    author = {A. F. Karr and X. Lin and J. P. Reiter and A. P. Sanil},
    year = {2004},
    title = {Analysis of Integrated Data without Data Integration},
    volume = {17(3)},
    pages = {26--29},
    journal = {Chance}
}


@inproceedings{kdd04,
    author = {A. P. Sanil and A. F. Karr and X. Lin and J. P. Reiter},
    year = {2004},
    title = {Privacy preserving regression modelling via distributed
        computation},
    booktitle = {Proc.\ Tenth ACM SIGKDD Internat.\ Conf.\ on Knowledge
        Discovery and Data Mining},
    pages = {677--682},
    note = {Available on-line at
        \\
        \textsf{www.niss.org/dgii/technicalreports.html}}
}


%% Added 2004/04/27
@article{bhd78,
    author = {Harrison, D. and Rubinfeld, D. L.},
    title = {Hedonic prices and the demand for clean air},
    journal = {J. Environ.\ Econ.\ Mgt.},
    volume = {5},
    pages = {81--102},
    year = {1978}
}


%% Added 2004/04/30
@misc{samsi-web,
    author = {{Statistical and Applied Mathematical Sciences Institute
        (SAMSI)}},
    year = {2004},
    note = {Information available on-line at
        \textsf{www.samsi.info}}
}


%% Added 2004/05/10
@misc{nces-standards,
    author = {{National Center for Education Statistics}},
    title = {{Statistical Standards}},
    year = {2004},
    note = {Information available on-line at
        \textsf{nces.ed.gov/statprog/stat\_standards.asp}}
}


%% Added 2004/06/07
@misc{niss-ara,
    author = {{National Institute of Statistical Sciences}},
    title = {Affiliates {R}eimbursement {A}ccounts},
    year = {2004},
    note = {Information available on-line at
        \textsf{www.niss.org/affiliates/reimb-accounts1.pdf}}
}


@inproceedings{dgo2004-ph,
    author = {A. F. Karr},
    year = {2004},
    title = {Project highlight: {D}ata confidentiality, data quality
        and data integration for federal databases},
    note = {Available on-line at
        \\
        \textsf{www.niss.org/dgii/technicalreports.html}},
    booktitle = {Proc.\ dg.o 2004 National Conference on Digital
        Government Research},
    pages = {91--92}
}


%% Added 2004/06/11
@inproceedings{agrawal00,
    author = {Agrawal, R. and Srikant, R.},
    title = {Privacy-preserving Data Mining},
    year = {2000},
    month = {May},
    booktitle = {Proceedings of the 2000 ACM SIGMOD on Management of Data},
    pages = {439--450}
}


@inproceedings{du-zhan02,
    author={Du, W. and Zhan, Z.},
    title = {A Practical Approach to Solve Secure Multi-party
        Computation Problems},
    year = {2002},
    month = {September},
    booktitle = {New Security Paradigms Workshop}
}


@inproceedings{du-han-chen04,
    author={Du, W. and Han, Y. and Chen, S.},
    title = {Privacy-Preserving Multivariate Statistical Analysis:
        {L}inear Regression and Classification},
    year = {2004},
    month = {April},
    booktitle = {Proceedings of the 4th SIAM International
        Conference on Data Mining},
    pages = {222--233}
}


@inproceedings{evf02,
    author = {Evfimievski, A. and Srikant, R. and Agrawal, R.
        and Gehrke, J.},
    title ={Privacy Preserving Mining of Association Rules},
    year = {2002},
    month = {July},
    booktitle = {Proceedings of the Eighth {ACM SIGKDD} {I}ternational
        {C}onference on {K}nowledge {D}iscovery and {D}ata {M}ining}
}


@inproceedings{goldreich87,
    author = {Goldreich, O. and Micali, S. and Wigderson, A.},
    title = {How to play any mental game},
    year = {1987},
    booktitle = {Proceedings of the 19th Annual ACM Symposium
        on Theory of Computing},
    pages = {218--229}
}


@inproceedings{goldwasser97,
    author = {Goldwasser, S.},
    title = {Multi-party computations: {P}ast and present},
    year = {1997},
    month = {August},
    booktitle = {Proceedings of the 16th
        Annual ACM Symposium on Principles of Distributed Computing}
}


@inproceedings{kantarcioglu02,
    author = {Kantarcioglu, M. and Clifton, C.},
    title = {Privacy-preserving Distributed Mining of
        Association Rules on Horizontally Partitioned Data},
    year = {2002},
    month = {July},
    booktitle = {Proceedings of the Eighth {ACM SIGKDD} {I}ternational
        {C}onference on {K}nowledge {D}iscovery and {D}ata {M}ining}
}


@inproceedings{lindell00,
    author  = {Lindell, Y. and Pinkas, B.},
    title  = {Privacy Preserving Data Mining},
    year   = {2000},
    booktitle = {Advances in Cryptopoly---Crypto2000,
        Lecture Notes in Computer Science, Volume 1880}
}


@article{lin-fmm04,
    author = {X. Lin and C. Clifton and Y. Zhu},
    title = {Privacy preserving clustering with
        distributed {EM} mixture modeling},
    year = {2004},
    journal = {Int.\ J. Knowledge and Information Syst.},
    note = {To appear}
}


@inproceedings{clifton-asso02,
    author = {Vaidya, J. and Clifton, C.},
    title = {Privacy Preserving Association Rule Mining in
        Vertically Partitioned Data},
    year = {2002},
    month = {July},
    booktitle = {Proceedings of the Eighth {ACM SIGKDD} {I}ternational
        {C}onference on {K}nowledge {D}iscovery and {D}ata {M}ining}
}


@inproceedings{clifton-kmeans03,
    author = {Vaidya, J. and Clifton, C.},
    title = {Privacy Preserving $K$-Means Clustering over
        Vertically Partitioned Data},
    year = {2003},
    month = {August},
    booktitle = {Proceedings of the Ninth {ACM SIGKDD} {I}ternational
        {C}onference on {K}nowledge {D}iscovery and {D}ata {M}ining}
}


@inproceedings{yao82,
    author = {A. C. Yao},
    title = {Protocols for secure computations},
    year = {1982},
    booktitle = {Proceedings of the 23rd Annual IEEE Symposium on
        Foundations of Computer Science}
}


@article{duncan-stokes-chance04,
    author = {G. T. Duncan and L. Stokes},
    title = {Disclosure Risk vs.\ Data Utility: The
        {R-U} Confidentiality Map as Applied to Topcoding},
    journal = {Chance},
    year = {2004},
    volume = {17(3)},
    pages = {16--20}
}


@incollection{fienberg-sesa-bounds04,
    author = {S. E. Fienberg and A. B. Slavkovic},
    year = {2004},
    title = {Bounds for cell entries in two-way tables given
        conditional frequencies},
    editor = {J. Domingo--Ferrer and V. Torra},
    booktitle = {Privacy in Statistical Databases '2004},
    publisher = SV,
    address = NY
}

@incollection{fienberg-mcintyre-ds04,
    author = {S. E. Fienberg and J. McIntyre},
    year = {2004},
    title = {Data Swapping: {V}ariations on a Theme by {D}alenius
        and {R}eiss},
    editor = {J. Domingo--Ferrer and V. Torra},
    booktitle = {Privacy in Statistical Databases '2004},
    publisher = SV,
    address = NY
}


@misc{jos98,
    author = {{Journal of Official Statistics}},
    note = {Volume 14, Number 4, edited by S. E. Fienberg
        and L. C. R. J. Willenborg},
    Title = {Special Issue on Disclosure Limitation Methods for
        Protecting the Confidentiality of Statistical Data},
    Year = 1998
}


@article{rrr03,
    Author = {Raghunathan, T. E. and Reiter, J. P. and Rubin, D. B.},
    Title = {Multiple Imputation for Statistical Disclosure
        Limitation},
    Journal = JOS,
    Year = {2003},
    Volume = {19},
    Pages = {1--16}
}


@inproceedings{sweeney97,
    Author = {Sweeney, L.},
    Title = {Computational disclosure control for medical
        microdata: the datafly system},
    Year = {1997},
    Booktitle = {Record Linkage Techniques 1997: Proceedings of an
        International Workshop and Exposition},
    Pages = {442--453}
}


%% Added 2004/06/15
@article{securereg-vp,
    author = {A. P. Sanil and A. F. Karr and X. Lin and J. P. Reiter},
    year = {2004},
    title = {Privacy preserving analysis of vertically partitioned data
        using secure matrix products},
    journal = JOS,
    note = {Submitted for publication. Available on-line at
        \textsf{www.niss.org/dgii/technicalreports.html}}
}


%% Added 2004/07/08
@misc{dqsurvey04,
    author = {A. F. Karr and A. P. Sanil and D. L. Banks},
    title = {Data quality: {A} statistical perspective},
    year = {2004},
    note = {In preparation}
}


%% Added 2004/07/14
@misc{bts-initial,
    author = {Karr, A.F. and Sanil, A. P},
    title = {Data Quality for the {ITDB}: {I}ssues and
        Paths to Solution},
    year = {2001},
    note = {Final report to the {B}ureau of {T}ransportation
        {S}tatistics under contract {DTTS59--01--P--00235}}
}


@misc{bts-1,
    author = {Karr, A.F. and Sanil, A. P},
    title = {Data Quality: {S}tate of the Art and Practice},
    year = {2003},
    note = {Report to the {B}ureau of {T}ransportation
        {S}tatistics under contract {DTTS59--02--P--00339}}
}


@misc{bts-2,
    author = {Karr, A.F. and Sanil, A. P},
    title = {Review of Data Quality Worksheet and Prototype
        Rating Instrument},
    year = {2003},
    note = {Report to the {B}ureau of {T}ransportation
        {S}tatistics under contract {DTTS59--02--P--00339}}
}


@misc{bts-3,
    author = {Karr, A.F. and Sanil, A. P},
    title = {Data Quality Evaluation: {P}rotocol and Procedures},
    year = {2003},
    note = {Report to the {B}ureau of {T}ransportation
        {S}tatistics under contract {DTTS59--02--P--00339}}
}


%% Added 2004/08/18
@article{rk04,
    author = {Reiter, J. P. and Kohnen, C.},
    title = {Categorical Data Regression Diagnostics
        for Remote Access Servers},
    year = {2004},
    journal = {J. Statistical Computation and
        Simulation},
    note = {To appear. Available on-line at
        \textsf{www.niss.org/dgii/technicalreports.html}}
}

@article{singer-chance04,
    author = {E. Singer},
    title = {Confidentiality, risk percetion and survey
        participation},
    journal = {Chance},
    volume = {17(3)},
    year = {2004},
    pages = {30--34}
}


@article{wallman-chance04,
    author = {K. K. Wallman and B. A. Harris--Kojetin},
    title = {Implementing the {Confidential Information and
        Statistical Efficiency Act of 2002}},
    journal = {Chance},
    volume = {17(3)},
    year = {2004},
    pages = {21--25}
}


@article{straf-chance04,
    author = {M. L. Straf},
    title = {Fostering trust to motivate responses:
        {I}t's not just a matter of confidentiality},
    journal = {Chance},
    volume = {17(3)},
    year = {2004},
    pages = {35--36}
}


@article{fienbergsesa-chance04,
    author = {S. E. Fienberg and A. B. Slavkovic},
    title = {Making the release of confidential data from
        multi-way tables count},
    journal = {Chance},
    volume = {17(3)},
    year = {2004},
    pages = {5--10}
}


@article{reiter-chance04,
    author = {J. P. Reiter},
    title = {New approaches to data dissemination: {A} glimpse
        into the future (?)},
    journal = {Chance},
    volume = {17(3)},
    year = {2004},
    pages = {11--15}
}


@article{duncanlambert86,
    author = {Duncan, G. T. and Lambert, D.},
    year  = {1986},
    title = {Disclosure-limited data dissemination (with discussion)},
    journal = JASA,
    volume = {81},
    pages = {10--28}
}


@article{lambert93,
    author = {Lambert, D.},
    year = {1993},
    title = {Measures of disclosure risk and harm},
    journal = JOS,
    volume = {9},
    pages = {313--331}
}

%% Added 2004/09/08
@misc{cz93,
    author = {L. H. Cox and L. V. Zayatz},
    title = {An Agenda for Research in Statistical Disclosure Limitation},
    year = {1993},
    note = {Available on-line at
        \textsf{www.census.gov/srd/papers/pdf/lvz9301.pdf}.}
}


@phdthesis{trottini03,
    author = {M. Trottini},
    title = {Decision Models for Data Disclosure Limitation},
    year = {2003},
    school = {Carnegie Mellon University},
    note = {Available on-line at
        \textsf{www.niss.org/dgii/TR/Thesis-Trottini-final.pdf}.}
}


@article{takemura02,
    author = {A. Takemura},
    year = {2002},
    title = {Local recoding and record swapping by maximum weight
        matching for disclosure control of microdata sets},
    journal = JOS,
    volume = {18},
    pages = {275-289}
}


@article{kung-luccio-preparata75,
    author = {H. T. Kung and F. Luccio and F. P. Preparata},
    title = {On finding the maxima of a set of vectors},
    journal = JACM,
    volume = {22},
    year = {1975},
    pages = {469--476}
}


@article{bentley78,
    author = {J. L. Bentley and H. T. Kung and M. Schkolnick
        and C. D. Thompson},
    title = {On the average number of maxima in a set of vectors},
    journal = JACM,
    volume = {25},
    year = {1978},
    pages = {536-543}
}


%% Added 2004/10/18
@article{secureem-asaproc04,
    author = {J. P. Reiter and A. F. Karr and C. N. Kohnen and
        X. Lin and A. P. Sanil},
    title = {Secure regression for vertically partitioned, partially
        overlapping data},
    journal = {ASA Proc.},
    year  = {2004},
    note = {To appear.}
}

%% Added 2004/12/10
@article{domingoferrer01,
    Author = {Domingo-Ferrer, J. and Mateo-Sanz, J.~M. and Torra,
        V.},
    Title = {Comparing {SDC} Methods for Microdata on the Basis
        of Information Loss and Disclosure Risk},
    Journal = {Presented at UNECE Workshop on Statistical Data
        Editing},
    Address = {Skopje, Macedonia},
    Year = {May, 2001}
}


%% Added 2004/12/21
@article{securereg-vp-jos04,
    author = {A. F. Karr and X. Lin and J. P. Reiter and A. P. Sanil},
    title = {Privacy Preserving Analysis of Vertically Partitioned Data
        Using Secure Matrix Products},
    year = {2004},
    journal = JOS,
    note = {Submitted for publication. Available on-line at
        \textsf{www.niss.org/dgii/technicalreports.html}}
}


@inproceedings{du2,
    author = {Du, W. and Han, Y. and Chen, S.},
    title = {Privacy-Preserving Multivariate Statistical Analysis:
        {L}inear Regression and Classification},
    year ={2004},
    month={April},
    booktitle = {Proceedings of the 4th SIAM
        International Conference on Data Mining},
    pages = {222--233},
}


%% Added 2004/12/22

@article{powell64,
    author = {Powell, M. J. D.},
    title = {An efficient method for finding the minimum of
        a function of several variables without calculating
        derivatives},
    year = {1964},
    journal = {Computer J.},
    volume = {7},
    pages = {152--162}
}

@book{brent73,
    author = {Brent, R. P.},
    title = {Algorithms for minimization without derivatives},
    year  = {1973},
    address = {Englewood {C}liffs, {NJ}},
    publisher = {Prentice-Hall}
}


@book{schafer00,
    Author = {Schafer, J. L.},
    Title = {Analysis of Incomplete Multivariate Data},
    Year = 2000,
    Publisher = {Chapman \& Hall},
    Address = {London}
}


@unpublished{beaton64,
    Author = {Beaton, A. E.},
    Title = {The use of special matrix operations in statistical calculus},
    Year = 1964,
    note = {{R}esearch {B}ulletin {RB}-64-51, Educational Testing Service,
        Princeton, NJ}
}


@article{hoerl70,
    author = {Hoerl, A. E. and Kennard, R.},
    title = {Ridge Regression: {B}iased Estimation for
        Nonorthogonal Problems},
    year =  {1970},
    journal={Technometrics},
    volume={12},
    pages = {55--67}
}


%% Added 2005/01/11

@misc{framework2005,
    author = {A. Oganyan and A. F. Karr and C. N. Kohnen and
        J. P. Reiter and A. P. Sanil},
    title = {A framework for comparing data utility measures
        for microdata},
    year = {2005},
    note = {In preparation}
}


@article{regserv05,
    author = {S. Gomatam and A. F. Karr and J. P. Reiter
        and A. P. Sanil},
    title = {Data Dissemination and Disclosure Limitation in a World
        Without Microdata: {A} Risk-Utility Framework for Remote
        Access Analysis Servers},
    year = {2005},
    journal = {Statist.\ Sci.},
    note = {To appear. Available on-line at
        \\
        \textsf{www.niss.org/dgii/technicalreports.html}.}
}


@misc{dotfreport04,
    author = {{National Center for Education Statistics}},
    year = {2004},
    title = {{National Institute of Statistical Sciences/Education
        Statistics Services Institute} Task Force on Graduation,
        Completion, and Dropout Indicators},
    note = {Available on-line at
%%      \\
        \textsf{nces.ed.gov/pubsearch/pubsinfo.asp?pubid=2005105}}
}


@inbook{securereg-siam05,
    title = {Secure regression on distributed databases},
    author = {A. F. Karr and X. Lin and J. P. Reiter and A. P. Sanil},
    booktitle = {Statistical Methods in Counterterrorism},
    editor = {D. Olwell and A. G. Wilson},
    series = {ASA/SIAM Series on Statistics and Applied Probability},
    publisher = {SIAM},
    address = {Philadelphia},
    pages = {000--000},
    year = {2005},
    note = {To appear. Available on-line at
        \textsf{www.niss.org/dgii/technicalreports.html}.}
}


@article{isi05,
    author = {A. F. Karr and A. P. Sanil},
    title = {Data quality and data confidentiality for microdata:
        implications and strategies},
    year = {2005},
    journal = {Bull.\ Internat.\ Statistical Inst., 55rd Session},
    note = {To appear. Available on-line at
        \textsf{www.niss.org/dgii/technicalreports.html}.}
}

@article{kkors06,
author = {A. F Karr and C. N Kohnen and A Oganian and J. P Reiter and A. P Sanil},
title = "{A Framework for Evaluating the Utility of Data Altered to Protect Confidentiality}",
journal = {The American Statistician},
volume = {60},
number = {3},
pages = {224-232},
year  = {2006},
publisher = {Taylor & Francis},
doi = {10.1198/000313006X124640},
}

@MANUAL{Hund10,
  title =        {Handbook on Statistical Disclosure Control (version 1.2)},
  author =       {Anco Hundepool and Josep Domingo Ferrer and Luisa Franconi and Sarah Giessing and Eric Schulte Nordholt and
  Keith Spicer and Peter Paul de Wolf},
  organization = {ESSNET},
  address =      {{SDC} project},
  year =         {2010},
  note =         {http://neon.vb.cbs.nl/casc},
  source =       {http://neon.vb.cbs.nl/casc},
}

@inproceedings{dommes,
author = {J. Domingo-Ferrer and J. M.  Mateo-Sanz and V. Torra},
title = {Comparing SDC methods for microdata on the basis of information loss and disclosure risk of disclosure control methods},
booktitle = {Proc. of ETK--NTTS '2001},
pages = {807-825},
year = {2001},
publisher = {Eurostat},
}
